@inproceedings{Postnikoff:2018:RSE:3173386.3176908,
 author = {Postnikoff, Brittany and Goldberg, Ian},
 title = {Robot Social Engineering: Attacking Human Factors with Non-Human Actors},
 booktitle = {Companion of the 2018 ACM/IEEE International Conference on Human-Robot Interaction},
 series = {HRI '18},
 year = {2018},
 isbn = {978-1-4503-5615-2},
 location = {Chicago, IL, USA},
 pages = {313--314},
 numpages = {2},
 url = {http://doi.acm.org/10.1145/3173386.3176908},
 doi = {10.1145/3173386.3176908},
 acmid = {3176908},
 publisher = {ACM},
 address = {New York, NY, USA},
 keywords = {computer security, human-robot interaction, privacy, social engineering},
} 
@inproceedings{Frumento:2017:VCS:3098954.3103156,
 author = {Frumento, Enrico and Freschi, Federica and Andreoletti, Davide and Consoli, Angelo},
 title = {Victim Communication Stack (VCS): A Flexible Model to Select the Human Attack Vector},
 booktitle = {Proceedings of the 12th International Conference on Availability, Reliability and Security},
 series = {ARES '17},
 year = {2017},
 isbn = {978-1-4503-5257-4},
 location = {Reggio Calabria, Italy},
 pages = {50:1--50:6},
 articleno = {50},
 numpages = {6},
 url = {http://doi.acm.org/10.1145/3098954.3103156},
 doi = {10.1145/3098954.3103156},
 acmid = {3103156},
 publisher = {ACM},
 address = {New York, NY, USA},
 keywords = {Human Attack Vector, Human Layer, Security, Security Models, Social Engineering},
} 

@inproceedings{Dimkov:2010:TMP:1920261.1920319,
 author = {Dimkov, Trajce and van Cleeff, Andr{\'e} and Pieters, Wolter and Hartel, Pieter},
 title = {Two Methodologies for Physical Penetration Testing Using Social Engineering},
 booktitle = {Proceedings of the 26th Annual Computer Security Applications Conference},
 series = {ACSAC '10},
 year = {2010},
 isbn = {978-1-4503-0133-6},
 location = {Austin, Texas, USA},
 pages = {399--408},
 numpages = {10},
 url = {http://doi.acm.org/10.1145/1920261.1920319},
 doi = {10.1145/1920261.1920319},
 acmid = {1920319},
 publisher = {ACM},
 address = {New York, NY, USA},
 keywords = {methodology, penetration testing, physical security, research ethics, social engineering},
}
@inproceedings{Sheng:2010:FPD:1753326.1753383,
 author = {Sheng, Steve and Holbrook, Mandy and Kumaraguru, Ponnurangam and Cranor, Lorrie Faith and Downs, Julie},
 title = {Who Falls for Phish?: A Demographic Analysis of Phishing Susceptibility and Effectiveness of Interventions},
 booktitle = {Proceedings of the SIGCHI Conference on Human Factors in Computing Systems},
 series = {CHI '10},
 year = {2010},
 isbn = {978-1-60558-929-9},
 location = {Atlanta, Georgia, USA},
 pages = {373--382},
 numpages = {10},
 url = {http://doi.acm.org/10.1145/1753326.1753383},
 doi = {10.1145/1753326.1753383},
 acmid = {1753383},
 publisher = {ACM},
 address = {New York, NY, USA},
 keywords = {mechanical turk, phishing, roleplay, social engineering, survey, user behavior},
} 
@inproceedings{Jaafor:2015:MGM:2808797.2808899,
 author = {Jaafor, Omar and Birregah, Babiga},
 title = {Multi-layered Graph-based Model for Social Engineering Vulnerability Assessment},
 booktitle = {Proceedings of the 2015 IEEE/ACM International Conference on Advances in Social Networks Analysis and Mining 2015},
 series = {ASONAM '15},
 year = {2015},
 isbn = {978-1-4503-3854-7},
 location = {Paris, France},
 pages = {1480--1488},
 numpages = {9},
 url = {http://doi.acm.org/10.1145/2808797.2808899},
 doi = {10.1145/2808797.2808899},
 acmid = {2808899},
 publisher = {ACM},
 address = {New York, NY, USA},
 keywords = {graph-based models, multi-layered networks, social engineering, social networks, vulnerability assessment},
} 
@inproceedings{Krombholz:2013:SEA:2523514.2523596,
 author = {Krombholz, Katharina and Hobel, Heidelinde and Huber, Markus and Weippl, Edgar},
 title = {Social Engineering Attacks on the Knowledge Worker},
 booktitle = {Proceedings of the 6th International Conference on Security of Information and Networks},
 series = {SIN '13},
 year = {2013},
 isbn = {978-1-4503-2498-4},
 location = {Aksaray, Turkey},
 pages = {28--35},
 numpages = {8},
 url = {http://doi.acm.org/10.1145/2523514.2523596},
 doi = {10.1145/2523514.2523596},
 acmid = {2523596},
 publisher = {ACM},
 address = {New York, NY, USA},
 keywords = {attack scenarios, bring your own device, knowledge worker, privacy, security, social engineering},
} 
@inproceedings{Green:2015:ISE:2808705.2808717,
 author = {Green, Benjamin and Prince, Daniel and Busby, Jerry and Hutchison, David},
 title = {The Impact of Social Engineering on Industrial Control System Security},
 booktitle = {Proceedings of the First ACM Workshop on Cyber-Physical Systems-Security and/or PrivaCy},
 series = {CPS-SPC '15},
 year = {2015},
 isbn = {978-1-4503-3827-1},
 location = {Denver, Colorado, USA},
 pages = {23--29},
 numpages = {7},
 url = {http://doi.acm.org/10.1145/2808705.2808717},
 doi = {10.1145/2808705.2808717},
 acmid = {2808717},
 publisher = {ACM},
 address = {New York, NY, USA},
 keywords = {ICS, SCADA, assessment, industrial control systems, organisational, resilience, security, social, technical},
} 
@article{Kvedar:2010:UFS:1858583.1858595,
 author = {Kvedar, Derek and Nettis, Michael and Fulton, Steven P.},
 title = {The Use of Formal Social Engineering Techniques to Identify Weaknesses During a Computer Vulnerability Competition},
 journal = {J. Comput. Sci. Coll.},
 issue_date = {December 2010},
 volume = {26},
 number = {2},
 month = dec,
 year = {2010},
 issn = {1937-4771},
 pages = {80--87},
 numpages = {8},
 url = {http://dl.acm.org/citation.cfm?id=1858583.1858595},
 acmid = {1858595},
 publisher = {Consortium for Computing Sciences in Colleges},
 address = {USA},
} 
@inproceedings{Huber:2010:CAS:1866423.1866435,
 author = {Huber, Markus and Mulazzani, Martin and Schrittwieser, Sebastian and Weippl, Edgar},
 title = {Cheap and Automated Socio-technical Attacks Based on Social Networking Sites},
 booktitle = {Proceedings of the 3rd ACM Workshop on Artificial Intelligence and Security},
 series = {AISec '10},
 year = {2010},
 isbn = {978-1-4503-0088-9},
 location = {Chicago, Illinois, USA},
 pages = {61--64},
 numpages = {4},
 url = {http://doi.acm.org/10.1145/1866423.1866435},
 doi = {10.1145/1866423.1866435},
 acmid = {1866435},
 publisher = {ACM},
 address = {New York, NY, USA},
 keywords = {security, theory},
} 
@inproceedings{Mei:2017:IAB:3132465.3132469,
 author = {Mei, Bo and Xiao, Yinhao and Li, Hong and Cheng, Xiuzhen and Sun, Yunchuan},
 title = {Inference Attacks Based on Neural Networks in Social Networks},
 booktitle = {Proceedings of the Fifth ACM/IEEE Workshop on Hot Topics in Web Systems and Technologies},
 series = {HotWeb '17},
 year = {2017},
 isbn = {978-1-4503-5527-8},
 location = {San Jose, California},
 pages = {10:1--10:6},
 articleno = {10},
 numpages = {6},
 url = {http://doi.acm.org/10.1145/3132465.3132469},
 doi = {10.1145/3132465.3132469},
 acmid = {3132469},
 publisher = {ACM},
 address = {New York, NY, USA},
 keywords = {inference attack, machine learning, neural network, social network},
}
@inproceedings{Bernstein:2018:VGS:3209542.3210576,
 author = {Bernstein, Mark and Hooper, Clare},
 title = {A Villain's Guide To Social Media And Web Science},
 booktitle = {Proceedings of the 29th on Hypertext and Social Media},
 series = {HT '18},
 year = {2018},
 isbn = {978-1-4503-5427-1},
 location = {Baltimore, MD, USA},
 pages = {246--250},
 numpages = {5},
 url = {http://doi.acm.org/10.1145/3209542.3210576},
 doi = {10.1145/3209542.3210576},
 acmid = {3210576},
 publisher = {ACM},
 address = {New York, NY, USA},
 keywords = {fiction, history of computing, hypertext, implementation, literature, politics, social media, villainy},
} 
@article{he_2012, title={A review of social media security risks and mitigation techniques}, 
volume={14}, 
url={https://www.emeraldinsight.com/doi/abs/10.1108/13287261211232180?journalCode=jsit}, 
DOI={10.1108/13287261211232180}, 
number={2},
journal={Journal of Systems and Information Technology}, 
author={He, Wu}, 
year={2012}, 
pages={171–180}
}
@article{ghari_shaabi_2012, title={Cyber Threats In Social Networking Websites}, volume={3}, url={https://arxiv.org/abs/1202.2420}, DOI={10.5121/ijdps.2012.3109}, number={1}, journal={International Journal of Distributed and Parallel systems}, author={Ghari, Wajeb and Shaabi, Maha}, year={2012}, pages={119–126}
}
@article{doi:10.1111/jcc4.12100,
author = {Vishwanath, Arun},
title = {Habitual Facebook Use and its Impact on Getting Deceived on Social Media},
journal = {Journal of Computer-Mediated Communication},
volume = {20},
number = {1},
pages = {83-98},
keywords = {Habit Strength, Deficient Self-Regulation, Facebook Habits, Media Addiction, Online Deception, Social Media Deception, Phishing, Social Media Abuse, Social Media Scams},
doi = {10.1111/jcc4.12100},
url = {https://onlinelibrary.wiley.com/doi/abs/10.1111/jcc4.12100},
eprint = {https://onlinelibrary.wiley.com/doi/pdf/10.1111/jcc4.12100},
}

@article{Tsikerdekis:2014:ODS:2663191.2629612,
 author = {Tsikerdekis, Michail and Zeadally, Sherali},
 title = {Online Deception in Social Media},
 journal = {Commun. ACM},
 issue_date = {September 2014},
 volume = {57},
 number = {9},
 month = sep,
 year = {2014},
 issn = {0001-0782},
 pages = {72--80},
 numpages = {9},
 url = {http://doi.acm.org/10.1145/2629612},
 doi = {10.1145/2629612},
 acmid = {2629612},
 publisher = {ACM},
 address = {New York, NY, USA},
} 

@article{Heartfield:2015:TAS:2856149.2835375,
 author = {Heartfield, Ryan and Loukas, George},
 title = {A Taxonomy of Attacks and a Survey of Defence Mechanisms for Semantic Social Engineering Attacks},
 journal = {ACM Comput. Surv.},
 issue_date = {February 2016},
 volume = {48},
 number = {3},
 month = dec,
 year = {2015},
 issn = {0360-0300},
 pages = {37:1--37:39},
 articleno = {37},
 numpages = {39},
 url = {http://doi.acm.org/10.1145/2835375},
 doi = {10.1145/2835375},
 acmid = {2835375},
 publisher = {ACM},
 address = {New York, NY, USA},
 keywords = {Computer crime, semantic attacks, social engineering attacks, survey},
} 
@article{krombholz_hobel_huber_weippl_2015, title={Advanced social engineering attacks}, volume={22}, url={https://www.sciencedirect.com/science/article/pii/S2214212614001343}, DOI={https://doi.org/10.1016/j.jisa.2014.09.005}, journal={Journal of Information Security and Applications}, author={Krombholz, Katharina and Hobel, Heidelinde and Huber, Marcus and Weippl, Edgar}, year={2015}, month={Jun}, pages={113–122}}
@article{conteh_schmick_2016, title={Cybersecurity:risks, vulnerabilities and countermeasures to prevent social engineering attacks}, volume={6}, url={tp://dx.doi.org/ 10.19101/IJACR.2016.623006}, DOI={10.19101/ijacr.2016.623006}, number={23}, journal={International Journal of Advanced Computer Research}, author={Conteh, Nabie Y. and Schmick, Paul J.}, year={2016}, month={Feb}, pages={31–38}}
@INPROCEEDINGS{6320436, 
author={C. Oehri and S. Teufel}, 
booktitle={2012 Information Security for South Africa}, 
title={Social media security culture}, 
year={2012}, 
volume={}, 
number={}, 
pages={1-5}, 
keywords={cultural aspects;multimedia computing;organisational aspects;security of data;social media security culture;human dimension;social media management;secure integration;organizational ICT infrastructures;technical aspects;holistic approach;organizational culture;social media guidelines;assessment tool;reporting tool;Media;Security;Guidelines;Companies;Standards organizations;social media security;social media culture;security awareness;social media;security management}, 
doi={10.1109/ISSA.2012.6320436}, 
ISSN={2330-9881}, 
month={Aug},}
@article{Weir:2011:TSN:2076032.2076216,
 author = {Weir, George R. S. and Toolan, Fergus and Smeed, Duncan},
 title = {The Threats of Social Networking: Old Wine in New Bottles?},
 journal = {Inf. Secur. Tech. Rep.},
 issue_date = {May, 2011},
 volume = {16},
 number = {2},
 month = may,
 year = {2011},
 issn = {1363-4127},
 pages = {38--43},
 numpages = {6},
 url = {http://dx.doi.org/10.1016/j.istr.2011.09.008},
 doi = {10.1016/j.istr.2011.09.008},
 acmid = {2076216},
 publisher = {Elsevier Advanced Technology Publications},
 address = {Oxford, UK, UK},
} 

@inproceedings{Gross:2005:IRP:1102199.1102214,
 author = {Gross, Ralph and Acquisti, Alessandro},
 title = {Information Revelation and Privacy in Online Social Networks},
 booktitle = {Proceedings of the 2005 ACM Workshop on Privacy in the Electronic Society},
 series = {WPES '05},
 year = {2005},
 isbn = {1-59593-228-3},
 location = {Alexandria, VA, USA},
 pages = {71--80},
 numpages = {10},
 url = {http://doi.acm.org/10.1145/1102199.1102214},
 doi = {10.1145/1102199.1102214},
 acmid = {1102214},
 publisher = {ACM},
 address = {New York, NY, USA},
 keywords = {information revelation, online privacy, social networking sites},
} 
@article{molok_chang_atif_ahmad_2010,
 author={Molok, Nurul Nuha Abdul and Chang, Shanton and Atif Ahmad},
 title={Information Leakage through Online Social Networking: Opening the Doorway for Advanced Persistence Threats}, 
 journal={8th Australian Information Security Mangement Conference},  
 year={2010},
 month={Nov},
 url={https://ro.ecu.edu.au/ism/93/}, 
 DOI={10.4225/75/57b673cf34781}, 
}
@article{wagner,
author = {Wagner, Claudia and Mitter, Silvia and Körner, Christian and Koerner@tugraz At, Christian and Strohmaier, Markus},
year = {2012},
month = {05},
pages = {},
title = {When social bots attack: Modeling susceptibility of users in online social networks},
booktitle = {Making Sense of Microposts (MSM2012)}
}
@inproceedings{Rivera:2015:USP:2885990.2885998,
 author = {Rivera, Julio C. and Di Gangi, Paul M. and Johnston, Allen and Worrell, James L.},
 title = {Undergraduate Student Perceptions of Personal Social Media Risk},
 booktitle = {Proceedings of the 2015 Information Security Curriculum Development Conference},
 series = {InfoSec '15},
 year = {2015},
 isbn = {978-1-4503-4049-6},
 location = {Kennesaw, Georgia},
 pages = {8:1--8:1},
 articleno = {8},
 numpages = {1},
 url = {http://doi.acm.org/10.1145/2885990.2885998},
 doi = {10.1145/2885990.2885998},
 acmid = {2885998},
 publisher = {ACM},
 address = {New York, NY, USA},
 keywords = {delphi, pedagogy, risk, social media, student perceptions},
}
@INPROCEEDINGS{5402568, 
 author={S. Alim and R. Abdul-Rahman and D. Neagu and M. Ridley}, 
 booktitle={2009 International Conference for Internet Technology and Secured Transactions, (ICITST)}, 
 title={Data retrieval from online social network profiles for social engineering applications}, 
 year={2009}, 
 volume={}, 
 number={}, 
 pages={1-5}, 
 keywords={commerce;information retrieval;social networking (online);tree searching;Web sites;social engineering applications;online social networking sites;social networking profiles;business;semi-structured format;automated data retrieval;semi-structured Web pages;MySpace;parsed HTML code;breadth first search algorithm;Information retrieval;Social network services;Data engineering;Data mining;Web pages;MySpace;Data analysis;Web sites;Computer networks;HTML}, 
 doi={10.1109/ICITST.2009.5402568}, 
 ISSN={}, 
 month={Nov},}
 @inproceedings{Gibson:2007:WRY:1294046.1294077,
 author = {Gibson, Robert},
 title = {Who's Really in Your Top 8: Network Security in the Age of Social Networking},
 booktitle = {Proceedings of the 35th  Annual ACM SIGUCCS Fall Conference},
 series = {SIGUCCS '07},
 year = {2007},
 isbn = {978-1-59593-634-9},
 location = {Orlando, Florida, USA},
 pages = {131--134},
 numpages = {4},
 url = {http://doi.acm.org/10.1145/1294046.1294077},
 doi = {10.1145/1294046.1294077},
 acmid = {1294077},
 publisher = {ACM},
 address = {New York, NY, USA},
 keywords = {facebook, instant messaging, myspace, ruckus, social engineering, social networking, web 2.0},
} 
@inproceedings{Louw:2013:PII:2513456.2513467,
 author = {Louw, Candice and von Solms, Sebastiaan},
 title = {Personally Identifiable Information Leakage Through Online Social Networks},
 booktitle = {Proceedings of the South African Institute for Computer Scientists and Information Technologists Conference},
 series = {SAICSIT '13},
 year = {2013},
 isbn = {978-1-4503-2112-9},
 location = {East London, South Africa},
 pages = {68--71},
 numpages = {4},
 url = {http://doi.acm.org/10.1145/2513456.2513467},
 doi = {10.1145/2513456.2513467},
 acmid = {2513467},
 publisher = {ACM},
 address = {New York, NY, USA},
 keywords = {cyber security, information access rights, online social networks, personally identifiable information, social engineering},
} 
@inproceedings{Mills:2009:ASE:1940976.1941003,
 author = {Mills, David},
 title = {Analysis of a Social Engineering Threat to Information Security Exacerbated by Vulnerabilities Exposed Through the Inherent Nature of Social Networking Websites},
 booktitle = {2009 Information Security Curriculum Development Conference},
 series = {InfoSecCD '09},
 year = {2009},
 isbn = {978-1-60558-661-8},
 location = {Kennesaw, Georgia},
 pages = {139--141},
 numpages = {3},
 url = {http://doi.acm.org/10.1145/1940976.1941003},
 doi = {10.1145/1940976.1941003},
 acmid = {1941003},
 publisher = {ACM},
 address = {New York, NY, USA},
 keywords = {account hijacking, copyright protection, hacking, identity theft, information assurance, information security, social engineering, social networking websites, sociology, spoofing},
} 
@article{Greening:1996:AYS:228292.228295,
 author = {Greening, Tony},
 title = {Ask and Ye Shall Receive: A Study in \&Ldquo;Social Engineering\&Rdquo;},
 journal = {SIGSAC Rev.},
 issue_date = {April 1996},
 volume = {14},
 number = {2},
 month = apr,
 year = {1996},
 issn = {0277-920X},
 pages = {8--14},
 numpages = {7},
 url = {http://doi.acm.org/10.1145/228292.228295},
 doi = {10.1145/228292.228295},
 acmid = {228295},
 publisher = {ACM},
 address = {New York, NY, USA},
} 
@article{Wilson:2018:ICS:3280489.3280529,
 author = {Wilson, Brent},
 title = {Introducing Cyber Security by Designing Mock Social Engineering Attacks},
 journal = {J. Comput. Sci. Coll.},
 issue_date = {October 2018},
 volume = {34},
 number = {1},
 month = oct,
 year = {2018},
 issn = {1937-4771},
 pages = {235--241},
 numpages = {7},
 url = {http://dl.acm.org/citation.cfm?id=3280489.3280529},
 acmid = {3280529},
 publisher = {Consortium for Computing Sciences in Colleges},
 address = {USA},
} 
@misc{CDC, title={Restraint Use and Motor Vehicle Occupant State Data}, url={https://www.cdc.gov/motorvehiclesafety/seatbelts/states-data-tables.html}, journal={Centers for Disease Control and Prevention}, publisher={Centers for Disease Control and Prevention}, year={2015}, month={Jan}} 
@misc{teufel, title={iimt - a world of opportunities}, url={https://www.iimt.ch/134-chair-research/current-research-projects/2027-project-scart-en}, journal={SCART - Social Media Culture Assessment and Reporting Tool}, publisher={University of Fribourg}, author={Teufel, Bernd}} 
 